%YAML 1.1
%TAG !u! tag:unity3d.com,2011:
--- !u!1 &7662083924654791159
GameObject:
  m_ObjectHideFlags: 0
  m_CorrespondingSourceObject: {fileID: 0}
  m_PrefabInstance: {fileID: 0}
  m_PrefabAsset: {fileID: 0}
  serializedVersion: 6
  m_Component:
  - component: {fileID: 7662083924654791152}
  - component: {fileID: 7662083924654791155}
  - component: {fileID: 7662083924654791154}
  - component: {fileID: 7662083924654791153}
  - component: {fileID: -6767721817474884607}
  m_Layer: 0
  m_Name: CyanPlasticBlock
  m_TagString: Untagged
  m_Icon: {fileID: 0}
  m_NavMeshLayer: 0
  m_StaticEditorFlags: 0
  m_IsActive: 1
--- !u!4 &7662083924654791152
Transform:
  m_ObjectHideFlags: 0
  m_CorrespondingSourceObject: {fileID: 0}
  m_PrefabInstance: {fileID: 0}
  m_PrefabAsset: {fileID: 0}
  m_GameObject: {fileID: 7662083924654791159}
  m_LocalRotation: {x: 0, y: 0, z: 0, w: 1}
  m_LocalPosition: {x: 0, y: 9, z: 0}
  m_LocalScale: {x: 1, y: 1, z: 1}
  m_Children: []
  m_Father: {fileID: 0}
  m_RootOrder: 0
  m_LocalEulerAnglesHint: {x: 0, y: 0, z: 0}
--- !u!33 &7662083924654791155
MeshFilter:
  m_ObjectHideFlags: 0
  m_CorrespondingSourceObject: {fileID: 0}
  m_PrefabInstance: {fileID: 0}
  m_PrefabAsset: {fileID: 0}
  m_GameObject: {fileID: 7662083924654791159}
  m_Mesh: {fileID: -2432090755550338912, guid: 780bd8644c3c0ab4a8e3a28ec3219bc2, type: 3}
--- !u!23 &7662083924654791154
MeshRenderer:
  m_ObjectHideFlags: 0
  m_CorrespondingSourceObject: {fileID: 0}
  m_PrefabInstance: {fileID: 0}
  m_PrefabAsset: {fileID: 0}
  m_GameObject: {fileID: 7662083924654791159}
  m_Enabled: 1
  m_CastShadows: 1
  m_ReceiveShadows: 1
  m_DynamicOccludee: 1
  m_MotionVectors: 1
  m_LightProbeUsage: 1
  m_ReflectionProbeUsage: 1
  m_RayTracingMode: 2
  m_RayTraceProcedural: 0
  m_RenderingLayerMask: 1
  m_RendererPriority: 0
  m_Materials:
  - {fileID: 2100000, guid: 3ca6982c1ad3e4349b2b2efee14a0f78, type: 2}
  m_StaticBatchInfo:
    firstSubMesh: 0
    subMeshCount: 0
  m_StaticBatchRoot: {fileID: 0}
  m_ProbeAnchor: {fileID: 0}
  m_LightProbeVolumeOverride: {fileID: 0}
  m_ScaleInLightmap: 1
  m_ReceiveGI: 1
  m_PreserveUVs: 0
  m_IgnoreNormalsForChartDetection: 0
  m_ImportantGI: 0
  m_StitchLightmapSeams: 1
  m_SelectedEditorRenderState: 3
  m_MinimumChartSize: 4
  m_AutoUVMaxDistance: 0.5
  m_AutoUVMaxAngle: 89
  m_LightmapParameters: {fileID: 0}
  m_SortingLayerID: 0
  m_SortingLayer: 0
  m_SortingOrder: 0
  m_AdditionalVertexStreams: {fileID: 0}
--- !u!65 &7662083924654791153
BoxCollider:
  m_ObjectHideFlags: 0
  m_CorrespondingSourceObject: {fileID: 0}
  m_PrefabInstance: {fileID: 0}
  m_PrefabAsset: {fileID: 0}
  m_GameObject: {fileID: 7662083924654791159}
  m_Material: {fileID: 0}
  m_IsTrigger: 0
  m_Enabled: 1
  serializedVersion: 2
  m_Size: {x: 2, y: 1, z: 1}
  m_Center: {x: 0, y: 0, z: 0}
--- !u!114 &-6767721817474884607
MonoBehaviour:
  m_ObjectHideFlags: 0
  m_CorrespondingSourceObject: {fileID: 0}
  m_PrefabInstance: {fileID: 0}
  m_PrefabAsset: {fileID: 0}
  m_GameObject: {fileID: 7662083924654791159}
  m_Enabled: 1
  m_EditorHideFlags: 0
  m_Script: {fileID: 11500000, guid: 2abe0581aa98a7a468d737edcaa2bcae, type: 3}
  m_Name: 
  m_EditorClassIdentifier: 
  BounceSounds:
  - {fileID: 8300000, guid: b6251b7a11de67b45b006a54c821a366, type: 3}
  - {fileID: 8300000, guid: 110cf31b4ba81ef45b3840a0efd422ef, type: 3}
  - {fileID: 8300000, guid: 6fdfb6bb5a88e414284d8d270337c861, type: 3}
  ExplosionFX: {fileID: 7642559484541989520, guid: aa3433a7a3d35634e85f7448823fe1c7,
    type: 3}
  PowerUpDropOnDestruction: 0
  daddy: {fileID: 0}
  isDead: 0
  HitCount: 1
  BlockMaterials:
  - {fileID: 2100000, guid: 3ca6982c1ad3e4349b2b2efee14a0f78, type: 2}
  - {fileID: 2100000, guid: 3ca6982c1ad3e4349b2b2efee14a0f78, type: 2}
